# introduction and brief history
@article{von1963various,
  title={Various techniques used in connection with random digits},
  author={Von Neumann, John and others},
  journal={John von Neumann, Collected Works},
  volume={5},
  pages={768--770},
  year={1963},
  publisher={MacMillan New York, USA}
}
@article{metropolis1949monte,
  title={The monte carlo method},
  author={Metropolis, Nicholas and Ulam, Stanislaw},
  journal={Journal of the American statistical association},
  volume={44},
  number={247},
  pages={335--341},
  year={1949},
  publisher={Taylor \& Francis}
}
@article{Chandra1977absmix,
 author = {Satish Chandra},
 journal = {Scandinavian Journal of Statistics},
 number = {3},
 pages = {105--112},
 publisher = {[Board of the Foundation of the Scandinavian Journal of Statistics, Wiley]},
 title = {On the Mixtures of Probability Distributions},
 volume = {4},
 year = {1977}
}
@book{thisted2017elements,
  title={Elements of statistical computing: Numerical computation},
  author={Thisted, Ronald Aaron},
  year={2017},
  publisher={Routledge}
}
@book{johnson1987multivariate,
  title={Multivariate statistical simulation: A guide to selecting and generating continuous multivariate distributions},
  author={Johnson, Mark E},
  volume={192},
  year={1987},
  publisher={John Wiley \& Sons}
}
@article{devroye1982note,
  title={A note on approximations in random variate generation},
  author={Devroye, Luc},
  journal={Journal of Statistical Computation and Simulation},
  volume={14},
  number={2},
  pages={149--158},
  year={1982},
  publisher={Taylor \& Francis}
}
@article{monahan1985accuracy,
  title={Accuracy in random number generation},
  author={Monahan, John F},
  journal={Mathematics of Computation},
  volume={45},
  number={172},
  pages={559--568},
  year={1985}
}
@book{monahan2011numerical,
  title={Numerical methods of statistics},
  author={Monahan, John F},
  year={2011},
  publisher={Cambridge University Press}
}

@article{watnik2011early,
  title={Early computational statistics},
  author={Watnik, Mitchell},
  journal={Journal of Computational and Graphical Statistics},
  volume={20},
  number={4},
  pages={811--817},
  year={2011},
  publisher={Taylor \& Francis}
}
# General references
@book{knuth2014art,
  title={The Art of Computer Programming: Seminumerical Algorithms, Volume 2},
  author={Knuth, Donald E},
  year={2014},
  publisher={Addison-Wesley Professional}
}
@book{shiryaev2007prob,
  title={Вероятность},
  author={Ширяев, Альберт Николаевич},
  year={2007},
  publisher={МЦНМО}
}
@book{Feller2013,
  title={Введение в теорию вероятностей и ее приложения},
  author={Феллер, Вильям},
  year={2013},
  publisher={Рипол Классик}
}
@misc{famoye1995continuous,
  title={Continuous univariate distributions, volume 1},
  author={Famoye, Felix},
  year={1995},
  publisher={Taylor \& Francis}
}
@book{Chernova2007ms,
  title={Математическая статистика},
  author={Чернова, Наталья Исааковна},
  year={2007},
  publisher={Новосибирский гос. ун-т}
}
@book{lanchier2017stochastic,
  title={Stochastic modeling},
  author={Lanchier, Nicolas},
  year={2017},
  publisher={Springer}
}
@book{liang2011advanced,
  title={Advanced Markov chain Monte Carlo methods: learning from past samples},
  author={Liang, Faming and Liu, Chuanhai and Carroll, Raymond},
  year={2011},
  publisher={John Wiley \& Sons}
}

@book{kleinbaum1996survival,
  title={Survival analysis a self-learning text},
  author={Kleinbaum, David G and Klein, Mitchel},
  year={1996},
  publisher={Springer}
}
@book{barndorff2018ambit,
  title={Ambit stochastics},
  author={Barndorff-Nielsen, Ole E and Benth, Fred Espen and Veraart, Almut ED and others},
  volume={88},
  year={2018},
  publisher={Springer}
}
@book{galambos2004products,
  title={Products of random variables: applications to problems of physics and to arithmetical functions},
  author={Galambos, Janos and Simonelli, Italo},
  year={2004},
  publisher={CRC press}
}
@article{antipova2007inversion,
  title={Inversion of multidimensional Mellin transforms},
  author={Antipova, Irina A},
  journal={Russian Mathematical Surveys},
  volume={62},
  number={5},
  pages={977},
  year={2007},
  publisher={IOP Publishing}
}
@book{barndorff2014information,
  title={Information and exponential families: in statistical theory},
  author={Barndorff-Nielsen, Ole},
  year={2014},
  publisher={John Wiley \& Sons}
}
@book{pace1997principles,
  title={Principles of statistical inference: from a Neo-Fisherian perspective},
  author={Pace, Luigi and Salvan, Alessandra},
  volume={4},
  year={1997},
  publisher={World scientific}
}
@book{lehmann2006theory,
  title={Theory of point estimation},
  author={Lehmann, Erich L and Casella, George},
  year={2006},
  publisher={Springer Science \& Business Media}
}
@book{kullback1997information,
  title={Information theory and statistics},
  author={Kullback, Solomon},
  year={1997},
  publisher={Courier Corporation}
}
@book{amari2016information,
  title={Information geometry and its applications},
  author={Amari, Shun-ichi},
  volume={194},
  year={2016},
  publisher={Springer}
}
# types of random variables
@article{donoho2000high,
  title={High-dimensional data analysis: The curses and blessings of dimensionality},
  author={Donoho, David L and others},
  journal={AMS math challenges lecture},
  volume={1},
  number={2000},
  pages={32},
  year={2000}
}
@article{pewsey2021recent,
  title={Recent advances in directional statistics},
  author={Pewsey, Arthur and Garc{\'\i}a-Portugu{\'e}s, Eduardo},
  journal={Test},
  volume={30},
  number={1},
  pages={1--58},
  year={2021},
  publisher={Springer}
}
@article{kent2018new,
  title={A new unified approach for the simulation of a wide class of directional distributions},
  author={Kent, John T and Ganeiber, Asaad M and Mardia, Kanti V},
  journal={Journal of Computational and Graphical Statistics},
  volume={27},
  number={2},
  pages={291--301},
  year={2018},
  publisher={Taylor \& Francis}
}

@inproceedings{pennec1999probabilities,
  title={Probabilities and statistics on Riemannian manifolds: Basic tools for geometric measurements.},
  author={Pennec, Xavier},
  booktitle={NSIP},
  volume={3},
  pages={194--198},
  year={1999}
}
@book{hormann2013automatic,
  title={Automatic nonuniform random variate generation},
  author={H{\"o}rmann, Wolfgang and Leydold, Josef and Derflinger, Gerhard},
  year={2013},
  publisher={Springer Science \& Business Media}
}

# Specific
@unpublished{delafortelle2106,
  title = {{A study on generalized inverses and increasing functions Part I: generalized inverses}},
  author = {de La Fortelle, Arnaud},
  url = {https://minesparis-psl.hal.science/hal-01255512},
  note = {working paper or preprint},
  year = {2015},
  month = Aug,
}
@article{steinbrecher2008quantile,
  title={Quantile mechanics},
  author={Steinbrecher, Gy{\"o}rgy and Shaw, William T},
  journal={European journal of applied mathematics},
  volume={19},
  number={2},
  pages={87--112},
  year={2008},
  publisher={Cambridge University Press}
}
@incollection{hallin2024multivariate,
  title={Multivariate Quantiles: Geometric and Measure-Transportation-Based Contours},
  author={Hallin, Marc and Konen, Dimitri},
  booktitle={Applications of Optimal Transport to Economics and Related Topics},
  pages={61--78},
  year={2024},
  publisher={Springer}
}
@article{figalli2018continuity,
  title={On the continuity of center-outward distribution and quantile functions},
  author={Figalli, Alessio},
  journal={Nonlinear Analysis},
  volume={177},
  pages={413--421},
  year={2018},
  publisher={Elsevier}
}
@article{leemis2017univariate,
  title={Univariate probability distributions},
  author={Leemis, Lawrence M and Luckett, Daniel J and Powell, Austin G and Vermeer, Peter E},
  journal={Computational Probability Applications},
  pages={133--147},
  year={2017},
  publisher={Springer}
}
@article{nielsen2009statistical,
  title={Statistical exponential families: A digest with flash cards},
  author={Nielsen, Frank and Garcia, Vincent},
  journal={arXiv preprint arXiv:0911.4863},
  year={2009}
}
@article{elderton1969systems,
  title={Systems of frequency curves},
  author={Elderton, William Palin and Johnson, Norman Lloyd},
  journal={(No Title)},
  year={1969},
  publisher={Cambridge University Press}
}
@article{keelin2016metalog,
  title={The metalog distributions},
  author={Keelin, Thomas W},
  journal={Decision Analysis},
  volume={13},
  number={4},
  pages={243--277},
  year={2016},
  publisher={INFORMS}
}
@phdthesis{prause1999generalized,
  title={The generalized hyperbolic model: Estimation, financial derivatives, and risk measures},
  author={Prause, Karsten and others},
  year={1999},
  school={Citeseer}
}
@phdthesis{luu2016fast,
  title={Fast and accurate parallel computation of quantile functions for random number generation},
  author={Luu, Thomas},
  year={2016},
  school={UCL (University College London)}
}
@book{breen1996regression,
  title={Regression models: Censored, sample selected, or truncated data},
  author={Breen, Richard},
  number={111},
  year={1996},
  publisher={Sage}
}
@article{swat2016probonto,
  title={ProbOnto: ontology and knowledge base of probability distributions},
  author={Swat, Maciej J and Grenon, Pierre and Wimalaratne, Sarala},
  journal={Bioinformatics},
  volume={32},
  number={17},
  pages={2719--2721},
  year={2016},
  publisher={Oxford University Press}
}
@book{weisberg1992central,
  title={Central tendency and variability},
  author={Weisberg, Herbert},
  number={83},
  year={1992},
  publisher={Sage}
}
@article{ruppert1987kurtosis,
  title={What is kurtosis? An influence function approach},
  author={Ruppert, David},
  journal={The American Statistician},
  volume={41},
  number={1},
  pages={1--5},
  year={1987},
  publisher={Taylor \& Francis}
}
@article{hosking2014moments,
  title={L-moments},
  author={Hosking, JRM},
  journal={Wiley StatsRef: Statistics Reference Online},
  pages={1--8},
  year={2014},
  publisher={Wiley Online Library}
}
@article{mudholkar1998lq,
  title={LQ-moments: Analogs of L-moments},
  author={Mudholkar, Govind S and Hutson, Alan D},
  journal={Journal of Statistical Planning and Inference},
  volume={71},
  number={1-2},
  pages={191--208},
  year={1998},
  publisher={Elsevier}
}
@book{springer1979algebra,
  title={The algebra of random variables},
  author={Springer, Melvin Dale},
  year={1979},
  publisher={New York: Wiley,}
}
@article{lehmann1975statistical,
  title={Statistical methods based on ranks},
  author={Lehmann, Erich Leo and others},
  journal={Nonparametrics. San Francisco, CA, Holden-Day},
  volume={2},
  year={1975},
  publisher={Springer}
}
@article{hernandez2017general,
author = {Daniel Hernandez-Stumpfhauser and F. Jay Breidt and Mark J. van der Woerd},
title = {{The General Projected Normal Distribution of Arbitrary Dimension: Modeling and Bayesian Inference}},
volume = {12},
journal = {Bayesian Analysis},
number = {1},
publisher = {International Society for Bayesian Analysis},
pages = {113 -- 133},
keywords = {Circular data, directional data, Gibbs sampler, Markov chain Monte Carlo, protein structure analysis, spherical data},
year = {2017},
}
@book{francis1981statistical,
  title={Statistical software: a comparative review},
  author={Francis, Ivor},
  year={1981},
  publisher={Elsevier North-Holland, Inc.}
}
@misc{jan_de_leeuw_2011,
        title={ Statistical Software: An Overview. },
        author={ Jan de Leeuw },
        year={ 2011 },        
}
@article{Len1997,
title = {A Review of Statistical Power Analysis Software},
journal = {The Bulletin of the Ecological Society of America},
author={Len Thomas, Charles J. Krebs},
volume = {78},
number = {2},
pages = {126-139},
doi = {https://doi.org/10.2307/20168137},
url = {https://esajournals.onlinelibrary.wiley.com/doi/abs/10.2307/20168137},
eprint = {https://esajournals.onlinelibrary.wiley.com/doi/pdf/10.2307/20168137},
year = {1997}
}
@article{altman2007accuracy,
  title={accuracy: Tools for accurate and reliable statistical computing},
  author={Altman, Micah and Gill, Jeff and McDonald, Michael P},
  journal={Journal of Statistical Software},
  volume={21},
  pages={1--30},
  year={2007}
}
@article{mccullough1998assessing1,
  title={Assessing the reliability of statistical software: Part I},
  author={McCullough, Bruce D},
  journal={The American Statistician},
  volume={52},
  number={4},
  pages={358--366},
  year={1998},
  publisher={Taylor \& Francis}
}
@article{bangalore2009accurate,
  title={How accurate are the extremely small P-values used in genomic research: an evaluation of numerical libraries},
  author={Bangalore, Sai Santosh and Wang, Jelai and Allison, David B},
  journal={Computational statistics \& data analysis},
  volume={53},
  number={7},
  pages={2446--2452},
  year={2009},
  publisher={Elsevier}
}
@article{brown1997library,
  title={Library of Fortran Routines for Cumulative Distribution Functions, Inverses, and Other Parameters},
  author={Brown, B and Lovato, James and Russell, K},
  journal={University of Texas},
  year={1997}
}
@article{hintz2022multivariate,
  title={Multivariate normal variance mixtures in R: the R package nvmix},
  author={Hintz, Erik and Hofert, Marius and Lemieux, Christiane},
  journal={Journal of Statistical Software},
  volume={102},
  pages={1--31},
  year={2022}
}
@article{waller1995obtaining,
  title={Obtaining distribution functions by numerical inversion of characteristic functions with applications},
  author={Waller, Lance A and Turnbull, Bruce W and Hardin, J Michael},
  journal={The American Statistician},
  volume={49},
  number={4},
  pages={346--350},
  year={1995},
  publisher={Taylor \& Francis}
}
@article{bohman1975numerical,
  title={Numerical inversions of characteristic functions},
  author={Bohman, Harald},
  journal={Scandinavian Actuarial Journal},
  volume={1975},
  number={2},
  pages={121--124},
  year={1975},
  publisher={Taylor \& Francis}
}
@article{bailey1994fast,
  title={A fast method for the numerical evaluation of continuous Fourier and Laplace transforms},
  author={Bailey, David H and Swarztrauber, Paul N},
  journal={SIAM Journal on Scientific Computing},
  volume={15},
  number={5},
  pages={1105--1110},
  year={1994},
  publisher={SIAM}
}
@article{tsamasphyros1976numerical,
  title={Numerical inversion of Mellin transforms},
  author={Tsamasphyros, G and Theocaris, PS},
  journal={BIT Numerical Mathematics},
  volume={16},
  number={3},
  pages={313--321},
  year={1976},
  publisher={Springer}
}
@article{glen2001appl,
  title={APPL: A probability programming language},
  author={Glen, Andrew G and Evans, Diane L and Leemis, Lawrence M},
  journal={The American Statistician},
  volume={55},
  number={2},
  pages={156--166},
  year={2001},
  publisher={Taylor \& Francis}
}
@article{zadorozhny2011,
  title={Проблемы генерации случайных величин с фрактальными распределениями},
  author={Задорожный, Владимир Николаевич and Кутузов, Олег Иванович},
  journal={Омский научный вестник},
  number={3 (113)},
  pages={20--24},
  year={2012},
  publisher={Федеральное государственное бюджетное образовательное учреждение высшего~…}
}
@article{zadorozhny2015,
  title={Каскадный метод реализации распределений с тяжелыми хвостами},
  author={Задорожный, Владимир Николаевич},
  journal={Омский научный вестник},
  number={2 (140)},
  pages={222--226},
  year={2015},
  publisher={Федеральное государственное бюджетное образовательное учреждение высшего~…}
}
@mics{numberspartially,
  title={Partially-Sampled Random Numbers for Accurate Sampling of Continuous Distributions},
  author={Peter Occil},
  year={2020},
  url={https://peteroupc.github.io/exporand.html}
}


@book{kolassa2006series,
  title={Series approximation methods in statistics},
  author={Kolassa, John E},
  volume={88},
  year={2006},
  publisher={Springer Science \& Business Media}
}
@phdthesis{williamson1989probabilistic,
  title={Probabilistic arithmetic},
  author={Williamson, Robert Charles and others},
  year={1989},
  school={University of Queensland Brisbane}
}
@article{jaroszewicz2012arithmetic,
  title={Arithmetic operations on independent random variables: a numerical approach},
  author={Jaroszewicz, Szymon and Korze{\'n}, Marcin},
  journal={SIAM Journal on Scientific Computing},
  volume={34},
  number={3},
  pages={A1241--A1265},
  year={2012},
  publisher={SIAM}
}

@article{ehrich2002stratified,
  title={On stratified extensions of Gauss--Laguerre and Gauss--Hermite quadrature formulas},
  author={Ehrich, Sven},
  journal={Journal of computational and applied mathematics},
  volume={140},
  number={1-2},
  pages={291--299},
  year={2002},
  publisher={Elsevier}
}
@techreport{craddock1999numerical,
  title={Numerical inversion of Laplace transforms: a survey of techniques with applications to derivative pricing},
  author={Craddock, Mark and Heath, David and Platen, Eckhard},
    institution={University of Technology Sydney},
  year={1999}
}

@article{mccullough1999assessing2,
  title={Assessing the reliability of statistical software: Part II},
  author={McCullough, Bruce D},
  journal={The American Statistician},
  volume={53},
  number={2},
  pages={149--159},
  year={1999},
  publisher={Taylor \& Francis}
}

@article{KNUSEL1998375,
    title = {On the accuracy of statistical distributions in Microsoft Excel 97},
    journal = {Computational Statistics \& Data Analysis},
    volume = {26},
    number = {3},
    pages = {375-377},
    year = {1998},
    issn = {0167-9473},
    doi = {https://doi.org/10.1016/S0167-9473(97)81756-2},
    url = {https://www.sciencedirect.com/science/article/pii/S0167947397817562},
    author = {Leo Knüsel},
    keywords = {Microsoft Excel, accuracy, statistical distributions},
    abstract = {The paper deals with the numerical accuracy of some statistical functions in Microsoft Excel (Excel version in Microsoft Office 97 for Windows). It is shown that the computation of some discrete distributions (Binomial, Poisson, Hypergeometric) fails even for probabilities in the central range between 0.01 and 0.99 and even for parameter values that cannot be judged as too extreme. Furthermore our tables show that the computation of some continuous distributions and their quantiles (Normal, Chi-square, F, t) is unsatisfactory in the tails of the respective distribution. In the view of the author a user of Excel may expect that the computed results are correct with all given digits; if Excel prints out a result with nine or ten digits and in fact only one or two of these many digits are correct, then such a result is unacceptable. As to the accuracy a user may expect of a statistical program see Knüsel (1995). So one has to warn statisticians against using Excel functions for scientific purposes. The “exact” values in the tables were computed by means of SAS for Windows (1996), and they were checked with the program ELV in Knüsel (1989).}
}
@article{schreiber2018pomegranate,
    title={Pomegranate: fast and flexible probabilistic modeling in python},
    author={Schreiber, Jacob},
    journal={Journal of Machine Learning Research},
    volume={18},
    number={164},
    pages={1--6},
    year={2018}
}
@article{devroye2006nonuniform,
  title={Nonuniform random variate generation},
  author={Devroye, Luc},
  journal={Handbooks in operations research and management science},
  volume={13},
  pages={83--121},
  year={2006},
  publisher={Elsevier}
}
@article{l2007testu01,
  title={TestU01: AC library for empirical testing of random number generators},
  author={L'ecuyer, Pierre and Simard, Richard},
  journal={ACM Transactions on Mathematical Software (TOMS)},
  volume={33},
  number={4},
  pages={1--40},
  year={2007},
  publisher={ACM New York, NY, USA}
}

